<record><leader>00000cas a22000007a 4500</leader><controlfield tag="001">12878471</controlfield><controlfield tag="008">851206d18271829pauwr ne      0    0eng d</controlfield><datafield ind1=" " ind2=" " tag="010"><subfield code="a">sn 85055257 </subfield></datafield><datafield ind1=" " ind2=" " tag="040"><subfield code="a">NPH</subfield><subfield code="b">eng</subfield><subfield code="c">NPH</subfield><subfield code="d">DLC</subfield><subfield code="d">OCLCQ</subfield></datafield><datafield ind1=" " ind2=" " tag="042"><subfield code="a">msc</subfield></datafield><datafield ind1="0" ind2="0" tag="050"><subfield code="a">Newspaper 9375-X</subfield></datafield><datafield ind1="0" ind2=" " tag="130"><subfield code="a">Union telegraph (New Berlin, Pa.)</subfield></datafield><datafield ind1="1" ind2="0" tag="245"><subfield code="a">Union telegraph.</subfield></datafield><datafield ind1="1" ind2="3" tag="246"><subfield code="a">Union telegraph, and Anti-Masonic reporter</subfield></datafield><datafield ind1=" " ind2=" " tag="260"><subfield code="a">New-Berlin, Pa. :</subfield><subfield code="b">Joseph Miller</subfield></datafield><datafield ind1=" " ind2=" " tag="300"><subfield code="a">v. ;</subfield><subfield code="c">54 cm.</subfield></datafield><datafield ind1=" " ind2=" " tag="310"><subfield code="a">Weekly</subfield></datafield><datafield ind1="1" ind2=" " tag="362"><subfield code="a">Began in 1827; ceased in 1829.</subfield><subfield code="z">Cf. Rossell, G. Pa. newspapers.</subfield></datafield><datafield ind1=" " ind2=" " tag="588"><subfield code="a">Description based on: Vol. 1, no. 2 (Apr. 24, 1827).</subfield></datafield><datafield ind1=" " ind2=" " tag="752"><subfield code="a">United States</subfield><subfield code="b">Pennsylvania</subfield><subfield code="c">Union</subfield><subfield code="d">New Berlin.</subfield></datafield><datafield ind1="0" ind2="0" tag="785"><subfield code="t">Telegraph, and Anti-Masonic reporter</subfield><subfield code="w">(DLC)sn 85055258</subfield></datafield><datafield ind1="1" ind2=" " tag="029"><subfield code="a">AU@</subfield><subfield code="b">000025805149</subfield></datafield></record>